# EV Market
	# EVs and Passenger Cars Number
@online{Estat,
	author = "European Commission",
	title = "New passenger cars by type of motor energy",
	url = "https://ec.europa.eu/eurostat/databrowser/view/ROAD_EQR_CARPDA__custom_16264878/default/table?lang=en",
	doi = "https://doi.org/10.2908/ROAD_EQR_CARPDA"
}
	
	# EVs Density
@online{DeAtlasEV,
	author = "Deutschlandatlas",
	title = "Elektro-Pkw: Zahl der zugelassenen Fahrzeuge steigt",
	Editor = {M. Weiß (BBSR), T. Pütz},
	url = "https://www.deutschlandatlas.bund.de/DE/Karten/Wie-wir-uns-bewegen/111-Elektroautos-Pkw-Bestand.html#_neuuxpuh6",
	keywords = "ev, germany, passenger cars, map"
}

@online{DeAtlasEVXLSX,
	author = "Deutschlandatlas",
	title = "Daten zu den Indikatoren des Deutschlandatlas interaktiv"
	url = "https://www.deutschlandatlas.bund.de/SharedDocs/Downloads/DE/Deutschlandatlas-Daten.html",
	Date = "12.12.2024"
}

@online{BKG,
	author = "Bundesamt für Kartographie und Geodäsie",
	title = "Verwaltungsgebiete 1:2 500 000, Stand 31.12. (VG2500 31.12.)",
	date = "31.12.2024",
	url = "https://gdz.bkg.bund.de/index.php/default/open-data/verwaltungsgebiete-1-2-500-000-stand-31-12-vg2500-12-31.html"
}

@online{BundestagOstWest,
	author = "Bundestag",
	title = "Weiter Unterschiede zwischen Ost- und Westdeutschland",
	date = "30.09.2024",
	url = "https://www.bundestag.de/presse/hib/kurzmeldungen-1021416"
}

# Charging Infrastructure

@online{DeAtlasCharge,
	author = "Deutschlandatlas",
	title = "{\"O}ffentliche Ladeinfrastruktur für Elektrofahrzeuge: So sieht es in den Regionen aus",
	editor = "M. Weiß (BBSR), T. Pütz",
	url = "https://www.deutschlandatlas.bund.de/DE/Karten/Wie-wir-uns-bewegen/113-Oeffentl-Ladeinfrastruktur-EAuto.html#_dehwqf58q",
	keywords = "charging, germany, stations, map"
}

# Energy Price Comparison 
	# Gas and Diesel
@online{EUCommOilBulletin,
	author = "European Commission",
	title = "Weekly Oil Bulletin",
	url = "https://energy.ec.europa.eu/data-and-analysis/weekly-oil-bulletin_en"
}
	
@online{PriceDevelopments,
	author = "European Commission",
	title = "Price developments 2005 onwards (xlsx)",
	url = "https://energy.ec.europa.eu/data-and-analysis/weekly-oil-bulletin_en#price-developments"
}
	
	# Electricity 
@online{DestatisStrompreise,
	author = "Statistisches Bundesamt",
	title = "Erdgas- und Stromdurchschnittspreise",
	url = "https://www.destatis.de/DE/Themen/Wirtschaft/Preise/Erdgas-Strom-DurchschnittsPreise/_inhalt.html#421258",
	keywords = "government, statistics, electricity, grid, "
}

@online{GENESIS,
	author = "Statistisches Bundesamt"
	title = "Durchschnittspreise f{\"ur} Strom und Gas",
	url = "https://www-genesis.destatis.de/datenbank/online/statistic/61243/details"
}

@online{GENESISHaushalt,
	author = "Statistisches Bundesamt",
	title = "Strompreise für Haushalte: Deutschland, Jahre, Jahresverbrauchsklassen, Preisbestandteile"
	url = "https://www-genesis.destatis.de/datenbank/online/statistic/61243/table/61243-0002"
}

@online{BundesregierungStromPreisBremse,
	author = "Bundesregierung",
	title = "Fragen und Antworten zu den Energiepreisbremsen",
	url = "https://www.bundesregierung.de/breg-de/suche/strompreisbremse-2125002"
}

@online{GENESISNichtHaushalt,
	author = "Statistisches Bundesamt",
	title = "Strompreise für Nicht-Haushalte: Deutschland, Jahre, Jahresverbrauchsklassen, Preisbestandteile, Preisbestandteile"
	url = "https://www-genesis.destatis.de/datenbank/online/statistic/61243/table/61243-0006"
}

# The Economics of EV Ownership
@article{goetzel2022empirical,
  title={An empirical analysis of electric vehicle cost trends: A case study in Germany},
  author={Goetzel, Nico and Hasanuzzaman, M},
  journal={Research in Transportation Business \& Management},
  volume={43},
  pages={100825},
  year={2022},
  publisher={Elsevier}
}

@article{bubeck2016perspectives,
  title={Perspectives of electric mobility: Total cost of ownership of electric vehicles in Germany},
  author={Bubeck, Steffen and Tomaschek, Jan and Fahl, Ulrich},
  journal={Transport Policy},
  volume={50},
  pages={63--77},
  year={2016},
  publisher={Elsevier}
}

# Government Policies and Incentives

@article{owid-co2-emissions-from-transport,
    author = {Hannah Ritchie},
    title = {Cars, planes, trains: where do CO₂ emissions from transport come from?},
    journal = {Our World in Data},
    year = {2020},
    note = {https://ourworldindata.org/co2-emissions-from-transport}
}

@online{TopicsEuParliament,
	title = "EU ban on the sale of new petrol and diesel cars from 2035 explained",
	author = "European Parliament",
	url = "https://www.europarl.europa.eu/topics/en/article/20221019STO44572/eu-ban-on-sale-of-new-petrol-and-diesel-cars-from-2035-explained"
}

@online{BusinessInsider,
	author = "Business Insider Deutschland",
	title = "Neue Kaufanreize und Steuerfreiheit: Union und SPD beschlie{\ss}en diesen 8-Punkte-Plan f{\"u}r mehr E-Autos",
	url = "https://www.businessinsider.de/wirtschaft/mehr-e-autos-koalition-einigt-sich-8-punkte-plan/",
	date = "12.04.2025"
	keywords = "government, business, ev"
}

@online{FrankfurterRundschau,
	author = "Marcus Giebel",
	title = "Maßnahmenpaket steht: Merz visiert neue F{\"o}rderung f{\"u}r E-Autos an",
	url = "https://www.fr.de/wirtschaft/massnahmenpaket-steht-merz-visiert-neue-foerderung-fuer-autos-an-zr-93675624.html",
	keywords = "government, business, ev"
}
